
@inproceedings{stevens2017first,
  title={The first collision for full SHA-1},
  author={Stevens, Marc and Bursztein, Elie and Karpman, Pierre and Albertini, Ange and Markov, Yarik},
  booktitle={Annual international cryptology conference},
  pages={570--596},
  year={2017},
  organization={Springer}
}
@misc{Koenig_heavy_truck_AD,
	title = {With {Heavy} {Vehicles}, {Self}-{Driving} {Is} {Old} {Hat} - {The} {Robotics} {Institute} {Carnegie} {Mellon} {University}},
    author={Koenig, Bill},
	url = {https://www.ri.cmu.edu/heavy-vehicles-self-driving-old-hat/},
	urldate = {2023-08-06}
}
@inproceedings{chen2019model,
  title={Model-free deep reinforcement learning for urban autonomous driving},
  author={Chen, Jianyu and Yuan, Bodi and Tomizuka, Masayoshi},
  booktitle={2019 IEEE intelligent transportation systems conference (ITSC)},
  pages={2765--2771},
  year={2019},
  organization={IEEE}
}
@inproceedings{shaout2022adas,
  title={ADAS Technology Classifications Using a Modified Agile Process},
  author={Shaout, Adnan and Shaout, Abdelrahman and Varagiri, Sadhvi Ajit},
  booktitle={2022 International Arab Conference on Information Technology (ACIT)},
  pages={1--7},
  year={2022},
  organization={IEEE}
}
@inproceedings{liu2022review,
  title={A Review of Tracking Control Method for Tractor-Trailer Vehicles},
  author={Liu, Qiang and Li, Xueyuan and Zhu, Yuzheng and Li, Songhao},
  booktitle={Proceedings of the 2022 2nd International Conference on Control and Intelligent Robotics},
  pages={863--867},
  year={2022}
}
@techreport{xu2017yaw,
  title={Yaw rate based trailer hitch angle estimation for trailer backup assist},
  author={Xu, Li and Tseng, Eric and Pilutti, Thomas and Schondorf, Steven},
  year={2017},
  institution={SAE Technical Paper}
}
@techreport{xu2017yaw,
  title={Yaw rate based trailer hitch angle estimation for trailer backup assist},
  author={Xu, Li and Tseng, Eric and Pilutti, Thomas and Schondorf, Steven},
  year={2017},
  institution={SAE Technical Paper}
}
@inproceedings{jing2019control,
  title={Control method designs and comparisons for tractor-trailer vehicle backward path tracking},
  author={Jing, Junbo and Maroli, John M and Salamah, Yasser Bin and Hejase, Mohammad and Fiorentini, Lisa and {\"O}zg{\"u}ner, {\"U}mit},
  booktitle={2019 American Control Conference (ACC)},
  pages={5531--5537},
  year={2019},
  organization={IEEE}
}
@inproceedings{ye2020automated,
  title={Automated lane change strategy using proximal policy optimization-based deep reinforcement learning},
  author={Ye, Fei and Cheng, Xuxin and Wang, Pin and Chan, Ching-Yao and Zhang, Jiucai},
  booktitle={2020 IEEE Intelligent Vehicles Symposium (IV)},
  pages={1746--1752},
  year={2020},
  organization={IEEE}
}
@inproceedings{bejar2019preview,
  title={A preview neuro-fuzzy controller based on deep reinforcement learning for backing up a truck-trailer vehicle},
  author={Bejar, Eduardo and Moran, Antonio},
  booktitle={2019 IEEE Canadian Conference of Electrical and Computer Engineering (CCECE)},
  pages={1--4},
  year={2019},
  organization={IEEE}
}
@book{brunton2022data,
  title={Data-driven science and engineering: Machine learning, dynamical systems, and control},
  author={Brunton, Steven L and Kutz, J Nathan},
  year={2022},
  publisher={Cambridge University Press}
}
@inproceedings{chen2019crowd,
  title={Crowd-robot interaction: Crowd-aware robot navigation with attention-based deep reinforcement learning},
  author={Chen, Changan and Liu, Yuejiang and Kreiss, Sven and Alahi, Alexandre},
  booktitle={2019 international conference on robotics and automation (ICRA)},
  pages={6015--6022},
  year={2019},
  organization={IEEE}
}
@article{du2020trajectory,
  title={Trajectory planning for automated parking systems using deep reinforcement learning},
  author={Du, Zhuo and Miao, Qiheng and Zong, Changfu},
  journal={International Journal of Automotive Technology},
  volume={21},
  pages={881--887},
  year={2020},
  publisher={Springer}
}
@inproceedings{bejar2019reverse,
  title={Reverse parking a car-like mobile robot with deep reinforcement learning and preview control},
  author={Bejar, Eduardo and Mor{\'a}n, Antonio},
  booktitle={2019 IEEE 9th Annual Computing and Communication Workshop and Conference (CCWC)},
  pages={0377--0383},
  year={2019},
  organization={IEEE}
}
@book{reber1968oxygen,
  title={Oxygen absorption in the Earth's atmosphere},
  author={Reber, Earl E and Mitchell, Richard L and Carter, Clarence J},
  year={1968},
  publisher={Aerospace Corporation}
}
@article{albeaik2022deep,
  title={Deep truck cruise control: Field experiments and validation of heavy duty truck cruise control using deep reinforcement learning},
  author={Albeaik, Saleh and Wu, Trevor and Vurimi, Ganeshnikhil and Chou, Fang-Chieh and Lu, Xiao-Yun and Bayen, Alexandre M},
  journal={Control Engineering Practice},
  volume={121},
  pages={105026},
  year={2022},
  publisher={Elsevier}
}
@inproceedings{wang2021policy,
  title={Policy Gradient Reinforcement Learning Method for Backward Motion Control of Tractor-Trailer Mobile Robot},
  author={Wang, Qiqi and Cheng, Jin and Zhang, Han},
  booktitle={Proceedings of the 11th International Conference on Computer Engineering and Networks},
  pages={303--311},
  year={2021},
  organization={Springer}
}
@inproceedings{jaritz2018end,
  title={End-to-end race driving with deep reinforcement learning},
  author={Jaritz, Maximilian and De Charette, Raoul and Toromanoff, Marin and Perot, Etienne and Nashashibi, Fawzi},
  booktitle={2018 IEEE international conference on robotics and automation (ICRA)},
  pages={2070--2075},
  year={2018},
  organization={IEEE}
}
@article{altafini2001feedback,
  title={A feedback control scheme for reversing a truck and trailer vehicle},
  author={Altafini, Claudio and Speranzon, Alberto and Wahlberg, Bo},
  journal={IEEE Transactions on robotics and automation},
  volume={17},
  number={6},
  pages={915--922},
  year={2001},
  publisher={IEEE}
}
@article{altafini1999controllability,
  title={Controllability and singularities in the n-trailer system with kingpin hitching},
  author={Altafini, Claudio},
  journal={IFAC Proceedings Volumes},
  volume={32},
  number={2},
  pages={2169--2174},
  year={1999},
  publisher={Elsevier}
}
@article{arulkumaran2017deep,
  title={Deep reinforcement learning: A brief survey},
  author={Arulkumaran, Kai and Deisenroth, Marc Peter and Brundage, Miles and Bharath, Anil Anthony},
  journal={IEEE Signal Processing Magazine},
  volume={34},
  number={6},
  pages={26--38},
  year={2017},
  publisher={IEEE}
}
@article{schulman2017proximal,
  title={Proximal policy optimization algorithms},
  author={Schulman, John and Wolski, Filip and Dhariwal, Prafulla and Radford, Alec and Klimov, Oleg},
  journal={arXiv preprint arXiv:1707.06347},
  year={2017}
}
@article{williams1992simple,
  title={Simple statistical gradient-following algorithms for connectionist reinforcement learning},
  author={Williams, Ronald J},
  journal={Machine learning},
  volume={8},
  pages={229--256},
  year={1992},
  publisher={Springer}
}
@inproceedings{lee2018deep,
  title={Deep reinforcement learning in continuous action spaces: a case study in the game of simulated curling},
  author={Lee, Kyowoon and Kim, Sol-A and Choi, Jaesik and Lee, Seong-Whan},
  booktitle={International conference on machine learning},
  pages={2937--2946},
  year={2018},
  organization={PMLR}
}
@article{yu2019review,
  title={A review of recurrent neural networks: LSTM cells and network architectures},
  author={Yu, Yong and Si, Xiaosheng and Hu, Changhua and Zhang, Jianxun},
  journal={Neural computation},
  volume={31},
  number={7},
  pages={1235--1270},
  year={2019},
  publisher={MIT Press One Rogers Street, Cambridge, MA 02142-1209, USA journals-info~â€¦}
}
@article{sorge2019motion,
  title={Motion and force analysis of slow-speed multi-trailer systems},
  author={Sorge, Francesco},
  journal={Proceedings of the Institution of Mechanical Engineers, Part C: Journal of Mechanical Engineering Science},
  volume={233},
  number={8},
  pages={2615--2635},
  year={2019},
  publisher={SAGE Publications Sage UK: London, England}
}
@article{liu2019minimum,
  title={Minimum swept-path control for autonomous reversing of a tractor semi-trailer},
  author={Liu, Xuanzuo and Madhusudhanan, Anil K and Cebon, David},
  journal={IEEE Transactions on Vehicular Technology},
  volume={68},
  number={5},
  pages={4367--4376},
  year={2019},
  publisher={IEEE}
}
@article{lei2021research,
  title={Research on cooperative trajectory planning algorithm based on tractor-trailer wheeled robot},
  author={Lei, Guannan and Zheng, Yili},
  journal={IEEE Access},
  volume={10},
  pages={64209--64221},
  year={2021},
  publisher={IEEE}
}
@inproceedings{polack2017kinematic,
  title={The kinematic bicycle model: A consistent model for planning feasible trajectories for autonomous vehicles?},
  author={Polack, Philip and Altch{\'e}, Florent and d'Andr{\'e}a-Novel, Brigitte and de La Fortelle, Arnaud},
  booktitle={2017 IEEE intelligent vehicles symposium (IV)},
  pages={812--818},
  year={2017},
  organization={IEEE}
}
@inproceedings{mcrae1993catastrophic,
  title={Catastrophic interference is eliminated in pretrained networks},
  author={McRae, Ken and Hetherington, Phil A},
  booktitle={Proceedings of the 15h Annual Conference of the Cognitive Science Society},
  volume={1},
  pages={2},
  year={1993}
}
@article{xu2023improving,
  title={Improving proximal policy optimization with alpha divergence},
  author={Xu, Haotian and Yan, Zheng and Xuan, Junyu and Zhang, Guangquan and Lu, Jie},
  journal={Neurocomputing},
  volume={534},
  pages={94--105},
  year={2023},
  publisher={Elsevier}
}
@inproceedings{schulman2015trust,
  title={Trust region policy optimization},
  author={Schulman, John and Levine, Sergey and Abbeel, Pieter and Jordan, Michael and Moritz, Philipp},
  booktitle={International conference on machine learning},
  pages={1889--1897},
  year={2015},
  organization={PMLR}
}
@inproceedings{wang2020truly,
  title={Truly proximal policy optimization},
  author={Wang, Yuhui and He, Hao and Tan, Xiaoyang},
  booktitle={Uncertainty in Artificial Intelligence},
  pages={113--122},
  year={2020},
  organization={PMLR}
}
@article{zanchetta2019trailer,
  title={Trailer control through vehicle yaw moment control: Theoretical analysis and experimental assessment},
  author={Zanchetta, Mattia and Tavernini, Davide and Sorniotti, Aldo and Gruber, Patrick and Lenzo, Basilio and Ferrara, Antonella and Sannen, Koen and De Smet, Jasper and De Nijs, Wouter},
  journal={Mechatronics},
  volume={64},
  pages={102282},
  year={2019},
  publisher={Elsevier}
}
@article{abraham2013trailer,
  title={Trailer parking assist},
  author={Abraham, Shant and Nilsson, Johan},
  year={2013}
}
@book{brockett2015finite,
  title={Finite dimensional linear systems},
  author={Brockett, Roger W},
  year={2015},
  publisher={SIAM}
}
@book{buehler20072005,
  title={The 2005 DARPA grand challenge: the great robot race},
  author={Buehler, Martin and Iagnemma, Karl and Singh, Sanjiv},
  volume={36},
  year={2007},
  publisher={springer}
}
@book{buehler2009darpa,
  title={The DARPA urban challenge: autonomous vehicles in city traffic},
  author={Buehler, Martin and Iagnemma, Karl and Singh, Sanjiv},
  volume={56},
  year={2009},
  publisher={springer}
}
@article{reeds1990optimal,
  title={Optimal paths for a car that goes both forwards and backwards},
  author={Reeds, James and Shepp, Lawrence},
  journal={Pacific journal of mathematics},
  volume={145},
  number={2},
  pages={367--393},
  year={1990},
  publisher={Mathematical Sciences Publishers}
}
@incollection{dijkstra2022note,
  title={A note on two problems in connexion with graphs},
  author={Dijkstra, Edsger W},
  booktitle={Edsger Wybe Dijkstra: His Life, Work, and Legacy},
  pages={287--290},
  year={2022}
}
@article{hart1968formal,
  title={A formal basis for the heuristic determination of minimum cost paths},
  author={Hart, Peter E and Nilsson, Nils J and Raphael, Bertram},
  journal={IEEE transactions on Systems Science and Cybernetics},
  volume={4},
  number={2},
  pages={100--107},
  year={1968},
  publisher={IEEE}
}
@inproceedings{dudi2020shortest,
  title={Shortest Path Evaluation with Enhanced Linear Graph and Dijkstra Algorithm},
  author={Dudi, Tanishk and Singhal, Rahul and Kumar, Rajesh},
  booktitle={2020 59th Annual Conference of the Society of Instrument and Control Engineers of Japan (SICE)},
  pages={451--456},
  year={2020},
  organization={IEEE}
}
@inproceedings{stentz1994optimal,
  title={Optimal and efficient path planning for partially-known environments},
  author={Stentz, Anthony},
  booktitle={Proceedings of the 1994 IEEE international conference on robotics and automation},
  pages={3310--3317},
  year={1994},
  organization={IEEE}
}
@article{lavalle1998rapidly,
  title={Rapidly-exploring random trees: A new tool for path planning},
  author={LaValle, Steven},
  journal={Research Report 9811},
  year={1998},
  publisher={Department of Computer Science, Iowa State University}
}
@article{ammar2016relaxed,
  title={Relaxed Dijkstra and A* with linear complexity for robot path planning problems in large-scale grid environments},
  author={Ammar, Adel and Bennaceur, Hachemi and Ch{\^a}ari, Imen and Koub{\^a}a, Anis and Alajlan, Maram},
  journal={Soft Computing},
  volume={20},
  pages={4149--4171},
  year={2016},
  publisher={Springer}
}
@article{mcmahon2022survey,
  title={A survey on the integration of machine learning with sampling-based motion planning},
  author={McMahon, Troy and Sivaramakrishnan, Aravind and Granados, Edgar and Bekris, Kostas E and others},
  journal={Foundations and Trends{\textregistered} in Robotics},
  volume={9},
  number={4},
  pages={266--327},
  year={2022},
  publisher={Now Publishers, Inc.}
}
@article{bennett1996brief,
  title={A brief history of automatic control},
  author={Bennett, Stuart},
  journal={IEEE Control Systems Magazine},
  volume={16},
  number={3},
  pages={17--25},
  year={1996},
  publisher={IEEE}
}
@inproceedings{saraf2020comparative,
  title={A comparative study between a classical and optimal controller for a quadrotor},
  author={Saraf, Prathamesh and Gupta, Manan and Parimi, Alivelu Manga},
  booktitle={2020 IEEE 17th India Council International Conference (INDICON)},
  pages={1--6},
  year={2020},
  organization={IEEE}
}
@article{somwanshi2019comparison,
  title={Comparison of fuzzy-PID and PID controller for speed control of DC motor using LabVIEW},
  author={Somwanshi, Devendra and Bundele, Mahesh and Kumar, Gaurav and Parashar, Gajal},
  journal={Procedia Computer Science},
  volume={152},
  pages={252--260},
  year={2019},
  publisher={Elsevier}
}
@book{pedrycz1993fuzzy,
  title={Fuzzy control and fuzzy systems},
  author={Pedrycz, Witold},
  year={1993},
  publisher={Research Studies Press Ltd.}
}
@misc{EngineeringMedia, url={https://engineeringmedia.com/map-of-control}, journal={Engineering Media}} 
@article{urmson2008autonomous,
  title={Autonomous driving in urban environments: Boss and the urban challenge},
  author={Urmson, Chris and Anhalt, Joshua and Bagnell, Drew and Baker, Christopher and Bittner, Robert and Clark, MN and Dolan, John and Duggins, Dave and Galatali, Tugrul and Geyer, Chris and others},
  journal={Journal of field Robotics},
  volume={25},
  number={8},
  pages={425--466},
  year={2008},
  publisher={Wiley Online Library}
}
@article{buehler2009junior,
  title={Junior: the Stanford entry in the urban challenge},
  author={Buehler, Martin and Iagnemma, Karl and Singh, Sanjiv},
  journal={The DARPA urban challenge: autonomous vehicles in city traffic},
  volume={56},
  pages={91--123},
  year={2009},
  publisher={springer}
}
@article{bojarski2016end,
  title={End to end learning for self-driving cars},
  author={Bojarski, Mariusz and Del Testa, Davide and Dworakowski, Daniel and Firner, Bernhard and Flepp, Beat and Goyal, Prasoon and Jackel, Lawrence D and Monfort, Mathew and Muller, Urs and Zhang, Jiakai and others},
  journal={arXiv preprint arXiv:1604.07316},
  year={2016}
}
@article{knox2023reward,
  title={Reward (mis) design for autonomous driving},
  author={Knox, W Bradley and Allievi, Alessandro and Banzhaf, Holger and Schmitt, Felix and Stone, Peter},
  journal={Artificial Intelligence},
  volume={316},
  pages={103829},
  year={2023},
  publisher={Elsevier}
}
@article{chen2023end,
  title={End-to-end Autonomous Driving: Challenges and Frontiers},
  author={Chen, Li and Wu, Penghao and Chitta, Kashyap and Jaeger, Bernhard and Geiger, Andreas and Li, Hongyang},
  journal={arXiv preprint arXiv:2306.16927},
  year={2023}
}
@inproceedings{kendall2019learning,
  title={Learning to drive in a day},
  author={Kendall, Alex and Hawke, Jeffrey and Janz, David and Mazur, Przemyslaw and Reda, Daniele and Allen, John-Mark and Lam, Vinh-Dieu and Bewley, Alex and Shah, Amar},
  booktitle={2019 International Conference on Robotics and Automation (ICRA)},
  pages={8248--8254},
  year={2019},
  organization={IEEE}
}
@article{peng2021end,
  title={End-to-end autonomous driving through dueling double deep Q-network},
  author={Peng, Baiyu and Sun, Qi and Li, Shengbo Eben and Kum, Dongsuk and Yin, Yuming and Wei, Junqing and Gu, Tianyu},
  journal={Automotive Innovation},
  volume={4},
  pages={328--337},
  year={2021},
  publisher={Springer}
}
@article{dubins1957curves,
  title={On curves of minimal length with a constraint on average curvature, and with prescribed initial and terminal positions and tangents},
  author={Dubins, Lester E},
  journal={American Journal of mathematics},
  volume={79},
  number={3},
  pages={497--516},
  year={1957},
  publisher={JSTOR}
}
@article{lehtomaki1981robustness,
  title={Robustness results in linear-quadratic Gaussian based multivariable control designs},
  author={Lehtomaki, Norman and Sandell, NJAM and Athans, Michael},
  journal={IEEE Transactions on Automatic Control},
  volume={26},
  number={1},
  pages={75--93},
  year={1981},
  publisher={ieee}
}
@article{schwenzer2021review,
  title={Review on model predictive control: An engineering perspective},
  author={Schwenzer, Max and Ay, Muzaffer and Bergs, Thomas and Abel, Dirk},
  journal={The International Journal of Advanced Manufacturing Technology},
  volume={117},
  number={5-6},
  pages={1327--1349},
  year={2021},
  publisher={Springer}
}
@inproceedings{chu2019model,
  title={Model-based deep reinforcement learning for CACC in mixed-autonomy vehicle platoon},
  author={Chu, Tianshu and Kalabi{\'c}, Uro{\v{s}}},
  booktitle={2019 IEEE 58th Conference on Decision and Control (CDC)},
  pages={4079--4084},
  year={2019},
  organization={IEEE}
}
@article{huang2023reparameterized,
  title={Reparameterized Policy Learning for Multimodal Trajectory Optimization},
  author={Huang, Zhiao and Liang, Litian and Ling, Zhan and Li, Xuanlin and Gan, Chuang and Su, Hao},
  year={2023}
}
@article{hu2022model,
  title={Model-based imitation learning for urban driving},
  author={Hu, Anthony and Corrado, Gianluca and Griffiths, Nicolas and Murez, Zachary and Gurau, Corina and Yeo, Hudson and Kendall, Alex and Cipolla, Roberto and Shotton, Jamie},
  journal={Advances in Neural Information Processing Systems},
  volume={35},
  pages={20703--20716},
  year={2022}
}
@article{heess2015learning,
  title={Learning continuous control policies by stochastic value gradients},
  author={Heess, Nicolas and Wayne, Gregory and Silver, David and Lillicrap, Timothy and Erez, Tom and Tassa, Yuval},
  journal={Advances in neural information processing systems},
  volume={28},
  year={2015}
}
@inproceedings{lioutikov2014sample,
  title={Sample-based informationl-theoretic stochastic optimal control},
  author={Lioutikov, Rudolf and Paraschos, Alexandros and Peters, Jan and Neumann, Gerhard},
  booktitle={2014 IEEE international conference on robotics and automation (ICRA)},
  pages={3896--3902},
  year={2014},
  organization={IEEE}
}
@inproceedings{deisenroth2011pilco,
  title={PILCO: A model-based and data-efficient approach to policy search},
  author={Deisenroth, Marc and Rasmussen, Carl E},
  booktitle={Proceedings of the 28th International Conference on machine learning (ICML-11)},
  pages={465--472},
  year={2011}
}
@inproceedings{nagabandi2018neural,
  title={Neural network dynamics for model-based deep reinforcement learning with model-free fine-tuning},
  author={Nagabandi, Anusha and Kahn, Gregory and Fearing, Ronald S and Levine, Sergey},
  booktitle={2018 IEEE international conference on robotics and automation (ICRA)},
  pages={7559--7566},
  year={2018},
  organization={IEEE}
}
@phdthesis{sprayberry2023data,
  title={A Data-Driven Approach to Process Parameter Optimization in Additive Manufacturing via Electron Beam Melting},
  author={Sprayberry, Michael Allen},
  year={2023},
  school={Northcentral University}
}
@article{Yan_Zohdy_Shaout_Mahmoud_2023, 
title={Recurrent Proximal Policy Optimization Based Tractor-Trailer Wheeled Robot Automatic Parking Algorithm}, volume={11}, url={https://journals.scholarpublishing.org/index.php/TMLAI/article/view/15355}, DOI={10.14738/tecs.114.15355},  number={4}, journal={Transactions on Engineering and Computing Sciences}, author={Yan, Hao and Zohdy, Mohamed A and Shaout, Abdelrahman and Mahmoud, Amr}, year={2023}, pages={124â€“142} }